
@article{en1,
  title={{PARTIAL DIFFERENTIAL EQUATIONS}},
  author={WALTER A. STRAUSS},
  journal={Brown University},
  
}
